<collection xmlns="http://www.loc.gov/MARC21/slim">
<record>
  <leader>01242nam0a2200205 i 450 </leader>
  <controlfield tag="001">IT\ICCU\CNCE\035994</controlfield>
  <controlfield tag="005">20150910000000.0</controlfield>
  <datafield tag="012" ind1=" " ind2=" ">
    <subfield code="a">4.in i-a. j.v. o.is (3) 1594 (R)</subfield>
    <subfield code="2">fei</subfield>
  </datafield>
  <datafield tag="100" ind1=" " ind2=" ">
    <subfield code="a">19980115d1594        0itac0103    ba</subfield>
  </datafield>
  <datafield tag="101" ind1=" " ind2=" ">
    <subfield code="a">ITA</subfield>
  </datafield>
  <datafield tag="102" ind1=" " ind2=" ">
    <subfield code="a">IT</subfield>
  </datafield>
  <datafield tag="200" ind1="1" ind2=" ">
    <subfield code="a">Capitoli dellillust.re sig. consigliero, et commissario Hettore Gesualdo, sopra la riforma della mag. citt ̉dell&apos;Aquila &amp; sua corte. Pandette tanto ciuili, come criminali da osseruarsi per li officiali regij, et  mastrodatti, sopra li deritti, che li competono. Capitoli pertinenti alli signori gouernatori, &amp; loro corte, tariffa regia sopra lim, pagamenti, che si deuono a i regij arrendatori, per lo ius fundici, et doghane. seruono . Stampati ad istanza della mag. citt,̉ per seruitio publico</subfield>
  </datafield>
  <datafield tag="210" ind1=" " ind2=" ">
    <subfield code="a">Nell&apos;Aquila</subfield>
    <subfield code="c">appresso Isidoro</subfield>
    <subfield code="d">et Lepido Farij \!! fratelli</subfield>
    <subfield code="d">1594</subfield>
    <subfield code="e">Nell&apos;Aquila</subfield>
    <subfield code="g">appresso Isidoro</subfield>
    <subfield code="h">et Lepido Facij fratelli</subfield>
    <subfield code="h">1594</subfield>
  </datafield>
  <datafield tag="215" ind1=" " ind2=" ">
    <subfield code="a">\28!, 15 \i.e. 51!, \1! p.</subfield>
    <subfield code="d">4ʻ</subfield>
  </datafield>
  <datafield tag="620" ind1=" " ind2=" ">
    <subfield code="a">IT</subfield>
    <subfield code="d">L&apos;Aquila</subfield>
  </datafield>
  <datafield tag="710" ind1="0" ind2="2">
    <subfield code="a">L&apos;Aquila</subfield>
    <subfield code="3">10084</subfield>
  </datafield>
  <datafield tag="702" ind1=" " ind2="1">
    <subfield code="a">Gesualdo,</subfield>
    <subfield code="b">Hettore</subfield>
    <subfield code="3">IT\ICCU\CNCA\026023</subfield>
  </datafield>
  <datafield tag="712" ind1="0" ind2="0">
    <subfield code="a">Faci, Isidoro &amp; Faci, Lepido</subfield>
    <subfield code="3">IT\ICCU\CNCT\000478</subfield>
    <subfield code="4">650</subfield>
  </datafield>
  <datafield tag="801" ind1=" " ind2="3">
    <subfield code="a">IT</subfield>
    <subfield code="b">ICCU</subfield>
    <subfield code="c">20201114</subfield>
  </datafield>
  <datafield tag="899" ind1=" " ind2=" ">
    <subfield code="a">Biblioteca provinciale Salvatore Tommasi. Bazzano</subfield>
    <subfield code="1">AQ0047</subfield>
    <subfield code="2">ABR PR</subfield>
  </datafield>
</record>
</collection>
